<record><leader>00000cas a22000007a 4500</leader><controlfield tag="001">12900601</controlfield><controlfield tag="008">851212d19131916mtuwr ne      0    0eng d</controlfield><datafield ind1=" " ind2=" " tag="010"><subfield code="a">sn 85053371 </subfield></datafield><datafield ind1=" " ind2=" " tag="040"><subfield code="a">MTL</subfield><subfield code="b">eng</subfield><subfield code="c">MTL</subfield><subfield code="d">OCLCQ</subfield></datafield><datafield ind1=" " ind2=" " tag="042"><subfield code="a">msc</subfield></datafield><datafield ind1="0" ind2="4" tag="245"><subfield code="a">The Kootenai times.</subfield></datafield><datafield ind1=" " ind2=" " tag="260"><subfield code="a">Libby, Mont. :</subfield><subfield code="b">J.W. Barrett,</subfield><subfield code="c">-1916.</subfield></datafield><datafield ind1=" " ind2=" " tag="300"><subfield code="a">3 v. :</subfield><subfield code="b">ill.</subfield></datafield><datafield ind1=" " ind2=" " tag="310"><subfield code="a">Weekly</subfield></datafield><datafield ind1="0" ind2=" " tag="362"><subfield code="a">-v. 3, no. 48 (Oct. 7, 1916).</subfield></datafield><datafield ind1="1" ind2=" " tag="362"><subfield code="a">Began in 1913.</subfield><subfield code="z">Cf. Gregory, W. Amer. newspapers.</subfield></datafield><datafield ind1=" " ind2=" " tag="588"><subfield code="a">Description based on: Vol. 1, no. 25 (May 6, 1914).</subfield></datafield><datafield ind1=" " ind2=" " tag="752"><subfield code="a">United States</subfield><subfield code="b">Montana</subfield><subfield code="c">Lincoln</subfield><subfield code="d">Libby.</subfield></datafield><datafield ind1="0" ind2="5" tag="780"><subfield code="t">Lincoln County herald</subfield><subfield code="g">Aug. 5, 1914</subfield><subfield code="w">(DLC)sn 85053293</subfield></datafield><datafield ind1="0" ind2="0" tag="785"><subfield code="t">Libby times</subfield><subfield code="w">(DLC)sn 85053372</subfield></datafield><datafield ind1="1" ind2=" " tag="029"><subfield code="a">AU@</subfield><subfield code="b">000023526314</subfield></datafield></record>